@comment{x-kbibtex-personnameformatting=<%l><, %f>}

@misc{CMSAF_web,
	author = {{CM SAF}},
	howpublished = {\url{http://www.cmsaf.eu}},
	note = {Accessed: Oct 13},
	title = {{The Satellite Application Facility on Climate Monitoring}},
	year = 2015
}

@techreport{Cloud_CCI_ATBD,
	author = {Stengel, M. and G{\'o}mez, L. and Lindstrot, R. and Stapelberg, S. and Sus, O. and Thomas, G. and Hollmann, R.},
	institution = {ESA Climate Change Initiative - Cloud CCI},
	number = {3},
	title = {{ESA Cloud CCI - Algorithm Theoretical Baseline Document}},
	year = {2013}
}

@article{Comiso14,
	author = {Comiso, Josefino C. and Hall, Dorothy K.},
	doi = {10.1002/wcc.277},
	issn = {1757-7799},
	journal = {Wiley Interdisciplinary Reviews: Climate Change},
	number = {3},
	pages = {389--409},
	publisher = {John Wiley \& Sons, Inc.},
	title = {{Climate trends in the Arctic as observed from space}},
	url = {http://dx.doi.org/10.1002/wcc.277},
	volume = {5},
	year = {2014}
}

@misc{ESA_CCI_web,
	author = {{ESA CCI}},
	howpublished = {\url{http://cci.esa.int/}},
	note = {Accessed: Oct 13},
	title = {{The ESA Climate Change Initiative}},
	year = 2015
}

@misc{ESA_Cloud_CCI_web,
	author = {{ESA Cloud CCI}},
	howpublished = {\url{http://www.esa-cloud-cci.org/}},
	note = {Accessed: Oct 13},
	title = {{The ESA Cloud CCI Project}},
	year = 2015
}

@misc{GRAPE_web,
	author = {{Natural Environment Research Council} and {NERC CWVC GRAPE campaign participants} and Grainger, D.},
	howpublished = {\url{http://catalogue.ceda.ac.uk/uuid/cf7ae349d16c067cd00d3d2d910bee89}},
	note = {Accessed: Oct 13},
	title = {{Global Cloud and Aerosol Dataset Produced by the Global Retrieval of ATSR Cloud Parameters and Evaluation (GRAPE) Project as part of the Clouds, Water Vapour and Climate (CWVC) Programme. NCAS British Atmospheric Data Centre}},
	year = 2015
}

@article{Hamann14,
	author = {Hamann, U. and Walther, A. and Baum, B. and Bennartz, R. and Bugliaro, L. and Derrien, M. and Francis, P. N. and Heidinger, A. and Joro, S. and Kniffka, A. and {Le Gl{\'e}au}, H. and Lockhoff, M. and Lutz, H.-J. and Meirink, J. F. and Minnis, P. and Palikonda, R. and Roebeling, R. and Thoss, A. and Platnick, S. and Watts, P. and Wind, G.},
	doi = {10.5194/amt-7-2839-2014},
	journal = {Atmospheric Measurement Techniques},
	number = {9},
	pages = {2839--2867},
	title = {{Remote sensing of cloud top pressure/height from SEVIRI: analysis of ten current retrieval algorithms}},
	url = {http://www.atmos-meas-tech.net/7/2839/2014/},
	volume = {7},
	year = {2014}
}

@article{Heidinger09,
	author = {{Heidinger}, A.~K. and {Pavolonis}, M.~J.},
	doi = {10.1175/2008JAMC1882.1},
	journal = {Journal of Applied Meteorology and Climatology},
	pages = {1100},
	title = {{Gazing at Cirrus Clouds for 25 Years through a Split Window. Part I: Methodology}},
	volume = 48,
	year = 2009
}

@article{Heidinger12,
	author = {{Heidinger}, A.~K. and {Evan}, A.~T. and {Foster}, M.~J. and {Walther}, A.},
	doi = {10.1175/JAMC-D-11-02.1},
	journal = {Journal of Applied Meteorology and Climatology},
	month = jun,
	pages = {1129--1144},
	title = {{A Naive Bayesian Cloud-Detection Scheme Derived from CALIPSO and Applied within PATMOS-x}},
	volume = 51,
	year = 2012
}

@article{Heidinger13,
	author = {{Heidinger}, A. K. and {Foster, M. J.} and {Walther, A.} and {Zhao, X.}},
	doi = {10.1175/BAMS-D-12-00246.1},
	journal = {Bulletin of the American Meteorological Society},
	number = {6},
	pages = {909--922},
	publisher = {American Meteorological Society},
	title = {{The Pathfinder Atmospheres--Extended AVHRR Climate Dataset}},
	volume = {95},
	year = {2013}
}

@article{Hollmann13,
	author = {{Hollmann}, R. and {Merchant, C. J.} and {Saunders, R.} and {Downy, C.} and {Buchwitz, M.} and {Cazenave, A.} and {Chuvieco, E.} and {Defourny, P.} and {de Leeuw, G.} and {Forsberg, R.} and {Holzer-Popp, T.} and {Paul, F.} and {Sandven, S.} and {Sathyendranath, S.} and {van Roozendael, M.} and {Wagner, W.}},
	doi = {10.1175/BAMS-D-11-00254.1},
	journal = {Bulletin of the American Meteorological Society},
	number = {10},
	pages = {1541--1552},
	publisher = {American Meteorological Society},
	title = {{The ESA Climate Change Initiative: Satellite Data Records for Essential Climate Variables}},
	volume = {94},
	year = {2013}
}

@article{Jacobowitz03,
	author = {{Jacobowitz}, H. and {Stowe, L. L.} and {Ohring, G.} and {Heidinger, A.} and {Knapp, K.} and {Nalli, N. R.}},
	doi = {10.1175/BAMS-84-6-785},
	journal = {Bulletin of the American Meteorological Society},
	number = {6},
	pages = {785--793},
	publisher = {American Meteorological Society},
	title = {{The Advanced Very High Resolution Radiometer Pathfinder Atmosphere (PATMOS) Climate Dataset: A Resource for Climate Research}},
	volume = {84},
	year = {2003}
}

@article{Karlsson13,
	author = {Karlsson, K.-G. and Riihel{\"a}, A. and M{\"u}ller, R. and Meirink, J. F. and Sedlar, J. and Stengel, M. and Lockhoff, M. and Trentmann, J. and Kaspar, F. and Hollmann, R. and Wolters, E.},
	doi = {10.5194/acp-13-5351-2013},
	journal = {Atmospheric Chemistry and Physics},
	number = {10},
	pages = {5351--5367},
	title = {{CLARA-A1: a cloud, albedo, and radiation dataset from 28 yr of global AVHRR data}},
	volume = {13},
	year = {2013}
}

@article{Kiehl97,
	author = {Kiehl, JT and Trenberth, Kevin E},
	journal = {Bulletin of the American Meteorological Society},
	number = {2},
	pages = {197--208},
	title = {{Earth's annual global mean energy budget}},
	volume = {78},
	year = {1997}
}

@article{King92,
	author = {King, M.D. and Kaufman, Y.J. and Menzel, W.P. and Tanre, D.},
	doi = {10.1109/36.124212},
	journal = {Geoscience and Remote Sensing, IEEE Transactions on},
	month = {Jan},
	number = {1},
	pages = {2--27},
	title = {{Remote sensing of cloud, aerosol, and water vapor properties from the moderate resolution imaging spectrometer (MODIS)}},
	volume = {30},
	year = {1992}
}

@techreport{ORAC_ATBD,
	author = {Poulsen, Caroline A. and Thomas, Gareth E. and Siddans, Richard and Povey, Adam and Grainger, Roy G.},
	institution = {ESA Climate Change Initiative - Cloud CCI},
	number = {3},
	title = {{Algorithm Theoretical Basis Document (ATBD). Optimal Retrieval of Aerosol and Cloud (ORAC)}},
	year = {2013}
}

@misc{ORAC_web,
	author = {{ORAC}},
	howpublished = {\url{http://proj.badc.rl.ac.uk/orac}},
	note = {Accessed: Oct 13},
	title = {{Oxford-RAL Aerosol and Cloud}},
	year = 2015
}

@misc{PATMOS_web,
	author = {{PATMOS-x}},
	howpublished = {\url{http://cimss.ssec.wisc.edu/patmosx/}},
	note = {Accessed: Oct 13},
	title = {{Pathfinder Atmospheres - Extended}},
	year = 2015
}

@article{Poulsen12,
	author = {{Poulsen}, C.~A. and {Siddans}, R. and {Thomas}, G.~E. and {Sayer}, A.~M. and {Grainger}, R.~G. and {Campmany}, E. and {Dean}, S.~M. and {Arnold}, C. and {Watts}, P.~D.},
	doi = {10.5194/amt-5-1889-2012},
	journal = {Atmospheric Measurement Techniques},
	month = aug,
	pages = {1889--1910},
	title = {{Cloud retrievals from satellite data using optimal estimation: evaluation and application to ATSR}},
	volume = 5,
	year = 2012
}

@misc{RTTOV_web,
	author = {{NWP SAF}},
	howpublished = {\url{https://nwpsaf.eu/deliverables/rtm/}},
	note = {Accessed: Oct 13},
	title = {{RTTOV radiative transfer model and profile datasets}},
	year = 2015
}

@book{Rodgers09,
	address = {Singapore},
	author = {Rodgers, C.~D.},
	publisher = {World Scientific},
	title = {{Inverse methods for atmospheric sounding: theory and practice}},
	volume = 2,
	year = 2009
}

@article{Rossow99,
	author = {Rossow, William B and Schiffer, Robert A},
	journal = {Bulletin of the American Meteorological Society},
	number = {11},
	pages = {2261--2287},
	title = {{Advances in understanding clouds from ISCCP}},
	volume = {80},
	year = {1999}
}

@article{Stengel15,
	author = {Stengel, M. and Mieruch, S. and Jerg, M. and Karlsson, K.-G. and Scheirer, R. and Maddux, B. and Meirink, J.F. and Poulsen, C. and Siddans, R. and Walther, A. and Hollmann, R.},
	doi = {10.1016/j.rse.2013.10.035},
	journal = {Remote Sensing of Environment},
	keywords = {Satellite; AVHRR; MODIS; Cloud retrieval; Validation; A-Train; Inter-comparison},
	pages = {363--379},
	title = {{The Clouds Climate Change Initiative: Assessment of state-of-the-art cloud property retrieval schemes applied to AVHRR heritage measurements}},
	volume = {162},
	year = {2015}
}

@incollection{Thomas09,
	address = {Berlin, Heidelberg},
	author = {Thomas, G. E. and Carboni, E. and Sayer, A. M. and Poulsen, C. A. and Siddans, R. and Grainger, R. G.},
	booktitle = {{Satellite Aerosol Remote Sensing over Land}},
	doi = {10.1007/978-3-540-69397-0_7},
	editor = {Kokhanovsky, AlexanderA. and de Leeuw, Gerrit},
	language = {English},
	pages = {193--225},
	publisher = {Springer},
	series = {{Springer Praxis Books}},
	title = {{Oxford-RAL Aerosol and Cloud (ORAC): aerosol retrievals from satellite radiometers}},
	year = {2009}
}

@article{Thomas09_GRAPE,
	author = {Thomas, G. E. and Poulsen, C. A. and Sayer, A. M. and Marsh, S. H. and Dean, S. M. and Carboni, E. and Siddans, R. and Grainger, R. G. and Lawrence, B. N.},
	doi = {10.5194/amt-2-679-2009},
	journal = {Atmospheric Measurement Techniques},
	number = {2},
	pages = {679--701},
	title = {{The GRAPE aerosol retrieval algorithm}},
	volume = {2},
	year = {2009}
}

@article{Yang13,
	author = {Yang, Jun and Gong, Peng and Fu, Rong and Zhang, Minghua and Chen, Jingming and Liang, Shunlin and Xu, Bing and Shi, Jiancheng and Dickinson, Robert},
	issn = {1758-678X},
	journal = {Nature Clim. Change},
	month = {oct},
	number = {10},
	pages = {875--883},
	publisher = {Nature Publishing Group, a division of Macmillan Publishers Limited. All Rights Reserved.},
	title = {{The role of satellite remote sensing in climate change studies}},
	volume = {3},
	year = {2013}
}

